<record xmlns="http://www.loc.gov/MARC21/slim">
   <leader>01182cam a2200265 a 4500</leader>
   <controlfield tag="001">1313819</controlfield>
   <controlfield tag="008">900820s1985    cr       b   f    0 spa c</controlfield>
   <datafield ind1=" " ind2=" " tag="035">
      <subfield code="a">ocm70304138</subfield>
   </datafield>
   <datafield ind1=" " ind2=" " tag="040">
      <subfield code="b">eng</subfield>
   </datafield>
   <datafield ind1=" " ind2=" " tag="043">
      <subfield code="a">cl-----</subfield>
      <subfield code="a">cc-----</subfield>
   </datafield>
   <datafield ind1=" " ind2=" " tag="049">
      <subfield code="a">AEU</subfield>
      <subfield code="b">eng</subfield>
   </datafield>
   <datafield ind1="0" ind2=" " tag="090">
      <subfield code="a">GOV DOC ZZ OA440 85C11</subfield>
   </datafield>
   <datafield ind1="1" ind2=" " tag="100">
      <subfield code="a">Román Umaña, Lina.</subfield>
   </datafield>
   <datafield ind1="1" ind2="0" tag="245">
      <subfield code="a">Catálogo de catálogos colectivos de publicaciones periódicas y seriadas publicadas en América Latina y el Caribe /</subfield>
      <subfield code="c">Lina Román Umaña, comp.</subfield>
   </datafield>
   <datafield ind1=" " ind2=" " tag="260">
      <subfield code="a">[San José, Costa Rica] :</subfield>
      <subfield code="b">[IICA], Centro Interamericano de Documentación, Información y Comunicación Agrı́cola,</subfield>
      <subfield code="c">1985.</subfield>
   </datafield>
   <datafield ind1=" " ind2=" " tag="300">
      <subfield code="a">iii, 36 p. ;</subfield>
      <subfield code="c">27 cm.</subfield>
   </datafield>
   <datafield ind1=" " ind2=" " tag="336">
      <subfield code="a">text</subfield>
      <subfield code="b">txt</subfield>
      <subfield code="2">rdacontent</subfield>
   </datafield>
   <datafield ind1=" " ind2=" " tag="337">
      <subfield code="a">unmediated</subfield>
      <subfield code="b">n</subfield>
      <subfield code="2">rdamedia</subfield>
   </datafield>
   <datafield ind1=" " ind2=" " tag="338">
      <subfield code="a">volume</subfield>
      <subfield code="b">nc</subfield>
      <subfield code="2">rdacarrier</subfield>
   </datafield>
   <datafield ind1="1" ind2=" " tag="490">
      <subfield code="a">Documentación e información agrı́cola ;</subfield>
      <subfield code="v">no. 142</subfield>
   </datafield>
   <datafield ind1=" " ind2=" " tag="596">
      <subfield code="a">38</subfield>
   </datafield>
   <datafield ind1=" " ind2="0" tag="650">
      <subfield code="a">Bibliography</subfield>
      <subfield code="v">Bibliography</subfield>
      <subfield code="x">Periodicals, Spanish.</subfield>
   </datafield>
   <datafield ind1="2" ind2=" " tag="710">
      <subfield code="a">Inter-American Agricultural Documentation, Information, and Communication Center.</subfield>
   </datafield>
   <datafield ind1=" " ind2="0" tag="830">
      <subfield code="a">Documentación e información agrícola ;</subfield>
      <subfield code="v">142.</subfield>
   </datafield>
   <datafield ind1=" " ind2=" " tag="926">
      <subfield code="a">GOV DOC ZZ OA440 85C11</subfield>
      <subfield code="w">LC</subfield>
      <subfield code="c">1</subfield>
      <subfield code="i">000033714288</subfield>
      <subfield code="l">ON_SHELF</subfield>
      <subfield code="m">UABARD</subfield>
      <subfield code="p">$150.00</subfield>
      <subfield code="r">Y</subfield>
      <subfield code="s">Y</subfield>
      <subfield code="t">BOOK</subfield>
      <subfield code="u">8/30/1990</subfield>
      <subfield code="o">.STAFF. C0007948</subfield>
   </datafield>
</record>
